@article{ImpactFallNurses,
  author = {King APRN-BC PhD, Barbara and Pecanac RN PhD, Kristen and Krupp RN, PhD(c), Anna and Liebzeit RN BS, Daniel and Mahoney MD MS, Jane},
  title = {Impact of Fall Prevention on Nurses and Care of Fall Risk Patients},
  journal = {The Gerontologist},
  year = {2018},
  month={April},
  doi = {10.1093/geront/gnw156},
  volume = {58},
  number = {2},
  pages = {331-340},
}

@article{RiskFactors,
  author = {Xu, Qingmei and Ou, Xuemei and Li, Jinfeng},
  title = {The risk of falls among the aging population: A systematic review and meta-analysis},
  journal = {Front Public Health},
  year = {2022},
  month={October},
  doi = {10.3389/fpubh.2022.902599},
  volume = {10}
}

@article{geriatricTrauma,
  author = {Drew MDa,  Clare and L. Zink MD MSb, Korie},
  title = {Geriatric Trauma},
  journal = {Emergency Medicine Clinics of North America},
  year = {2021},
  month={May},
  doi = {10.1016/j.emc.2021.01.002},
  volume = {32},
  issue = {2}
}

@article{drugsEffects,
  author = {Cooper, JW and Freeman, MH and Cook, CL and Burfield, AH},
  title = {Assessment of Psychotropic and Psychoactive Drug Loads and Falls in Nursing Facility Residents},
  journal = {The Consultant Pharmacist},
  year = {2007},
  month={June},
  doi = {10.4140/TCP.n.2007.483},
  volume = {22},
  issue = {6}
}

@article{BergBalanceScale,
    author = {Neuls, Patrick and Clark, Tammie L. and Van Heuklon, Nicole C. and Proctor, Joy E. and Kilker, Barbra J. and Bieber, Mallory E.  and Donlan, Alice V. and Carr-Jules, Suchitha A.and Neidel, William H.  and Newton, Roberta A.},
    title = {Usefulness of the Berg Balance Scale to Predict Falls in the Elderly.},
    journal = {Journal of Geriatric Physical Therapy},
    doi = {10.1097/JPT.0b013e3181ff2b0e},
    volume = {34},
    issue = {1},
    pages = {3-10},
    year = {2011}
}

@article{FallRiskAssessment_WearableSensors_SystematicReview,
    author = {Bet, Patricia and Castro, Paula C and Ponti, Moacir A.},
    title = {Fall detection and fall risk assessment in older person using wearable sensors: A systematic review},
    journal = {International Journal of Medical Informatics},
    doi = {10.1016/j.ijmedinf.2019.08.006},
    year = {2019}
}

@article{TinettiScale,
    author = {Rivolta, Massimo W. and Md. Aktaruzzaman and Rizzo, Giovanna and Lafortuna, Claudio L. and Ferrarin, Maurizio and Bovi, Gabriele and Bonardi, Daniela R.  and Caspani, Andrea and Sassi, Roberto},
    title = {Evaluation of the Tinetti score and fall risk assessment via accelerometry-based movement analysis},
    journal = {Artificial Intelligence in Medicine},
    volume = {95},
    pages = {38 -47},
    doi = {10.1016/j.artmed.2018.08.005},
    year = {2019}
}

@article{RandomForestInsoles,
    author = {Anzai,Emi and Ren, Dian and Cazenille,Leo and Aubert-Kato, Nathanael and Tripette, Julien and Ohta, Yuji},
    title = {Random forest algorithms to classify frailty and falling history in seniors using plantar pressure measurement insoles: a large-scale feasibility study},
    journal = {BMC Geriatrics},
    volume = {22},
    doi = {10.1186/s12877-022-03425-5},
    year = {2022}
}

@article{TheSmartInsoleDataset,
AUTHOR = {Chatzaki, Chariklia and Skaramagkas, Vasileios and Tachos, Nikolaos and Christodoulakis, Georgios and Maniadi, Evangelia and Kefalopoulou, Zinovia and Fotiadis, Dimitrios I. and Tsiknakis, Manolis},
TITLE = {The Smart-Insole Dataset: Gait Analysis Using Wearable Sensors with a Focus on Elderly and Parkinson’s Patients},
JOURNAL = {Sensors},
VOLUME = {21},
YEAR = {2021},
NUMBER = {8},
ARTICLE-NUMBER = {2821},
ISSN = {1424-8220},
DOI = {10.3390/s21082821}
}

@article{FRTadl,
AUTHOR = {Weiner and Duncan and Chandler and Studenski},
TITLE = {Functional reach: a marker of physical frailty},
JOURNAL = {Journal of The American Geriatrics Society},
VOLUME = {40},
issue = {3},
YEAR = {1992},
pages = {203 -207},
DOI = {10.1111/j.1532-5415.1992.tb02068.x}
}

@article{FRTnonfrail,
AUTHOR = {Rockwood and Awalt and Carver and MacKnight},
TITLE = {Feasibility and measurement properties of the functional reach and the timed up and go tests in the Canadian study of health and aging},
JOURNAL = {The Journals of Gerontology: Series A},
VOLUME = {55},
issue = {2},
YEAR = {2000},
pages = {203 -207},
DOI = {10.1093/gerona/55.2.M70}
}

@article{FRTfallrisk,
AUTHOR = {Thomas,Janet and Lane, Judith},
TITLE = {A pilot study to explore the predictive validity of 4 measures of falls risk in frail elderly patients},
JOURNAL = {Archives of Physical Medicine and Rehabilitation},
VOLUME = {86},
issue = {8},
YEAR = {2005},
pages = {1636-1640},
DOI = {10.1016/j.apmr.2005.03.004}
}

@article{FRTtruckmobility,
AUTHOR = {Jonsson, Erika and Henriksson, Marketta and Hirschfeld,Helga},
TITLE = {Does the functional reach test reflect stability limits in elderly people?},
JOURNAL = {Journal of Rehabilitation Medicine},
VOLUME = {35},
issue = {1},
YEAR = {2003},
DOI = {10.1080/16501970306099}
}

@article{FRTreasearch1,
AUTHOR = {Wernick-Robinson and Krebs and Giorgetti},
TITLE = {Functional reach: Does it really measure dynamic balance?},
JOURNAL = {Archives of Physical Medicine and Rehabilitation.},
VOLUME = {80},
issue = {3},
YEAR = {1999},
pages = {262 - 269},
DOI = {10.1016/s0003-9993(99)90136-3}
}

@article{FRTreasearch2,
AUTHOR = {Wallmann},
TITLE = {Comparison of elderly nonfallers and fallers on performance measures of functional reach, sensory organization, and limits of stability},
JOURNAL = {The Journals of Gerontology: Series A},
VOLUME = {56},
issue = {9},
YEAR = {2001},
DOI = {10.1093/gerona/56.9.M580}
}

@article{HeartRisk,
author = {Quin E. Denfeld  and Stephanie Turrise  and Eric J. MacLaughlin  and Pei-Shiun Chang  and Walter K. Clair  and Eldrin F. Lewis  and Daniel E. Forman  and Sarah J. Goodlin  and null null },
title = {Preventing and Managing Falls in Adults With Cardiovascular Disease: A Scientific Statement From the American Heart Association},
journal = {Circulation: Cardiovascular Quality and Outcomes},
volume = {15},
number = {6},
pages = {e000108},
year = {2022},
doi = {10.1161/HCQ.0000000000000108}
}

@article{PolypharmacyRisk,
AUTHOR = {Masnoon and Shakiband Kalisch-Ellett and et al},
TITLE = {What is polypharmacy? A systematic review of definitions.},
JOURNAL = {BMC Geriatrics},
YEAR = {2017},
DOI = {10.1093/gerona/56.9.M580}
}

@article{ParkinsonRisk,
author = {Fasano, Alfonso and Canning, Colleen G. and Hausdorff, Jeffrey M. and Lord, Sue and Rochester, Lynn},
title = {Falls in Parkinson's disease: A complex and evolving picture},
journal = {Movement Disorders},
volume = {32},
number = {11},
pages = {1524-1536},
keywords = {fall, Parkinson's disease, prevention, risk, treatment},
doi = {https://doi.org/10.1002/mds.27195},
year = {2017}
}

@article{DepressionRisk,
AUTHOR = {van Poelgeest and Pronk AC and Rhebergen D and van der Velde N.},
TITLE = {Depression, antidepressants and fall risk: therapeutic dilemmas-a clinical review.},
JOURNAL = { European Geriatric Medicine },
YEAR = {2021},
volume = {12},
issue = {3},
pages = {585 -596},
DOI = {10.1007/s41999-021-00475-7}
}

@article{HistoryRisk,
AUTHOR = {Wapp, Christina and Mittaz Hager, Anne-Gabrielle and Hilfiker,Roger and Zysset, Philippe},
TITLE = {History of falls and fear of falling are predictive of future falls: Outcome of a fall rate model applied to the Swiss CHEF Trial cohort},
JOURNAL = {Front Aging},
YEAR = {2022},
DOI = {10.3389/fragi.2022.1056779}
}

@article{PainRisk,
AUTHOR = {Ogliari, G  and Ryg, J and Andersen-Ranberg, K and et al.},
TITLE = {Association of pain and risk of falls in community-dwelling adults: a prospective study in the Survey of Health, Ageing and Retirement in Europe (SHARE)},
JOURNAL = {European Geriatric Medicine},
YEAR = {2022},
DOI = {10.1007/s41999-022-00699-1}
}

@article{MalnutritionRisk,
AUTHOR = {Kupisz-Urbanska ,Malgorzata and Marcinowska-Suchowierska,Ewa},
TITLE = {Malnutrition in Older Adults—Effect on Falls and Fractures: A Narrative Review},
JOURNAL = {Nutrients},
YEAR = {2022},
DOI = {10.3390/nu14153123}
}

@article{AloneRisk,
AUTHOR = {Bakalar,Nicholas},
TITLE = {Safety: Falls Linked to Social Isolation.},
JOURNAL = {The New York Times},
YEAR = {2020},
}

@article{AlcoholRisk,
AUTHOR = {Ortolá, R.
and García-Esquinas, E.
and Galán, I.
and Guallar-Castillón, P.
and López-García, E.
and Banegas, J. R.
and Rodríguez-Artalejo, F.},
TITLE = {Patterns of alcohol consumption and risk of falls in older adults: a prospective cohort study},
JOURNAL = {Osteoporosis International},
YEAR = {2017},
volume = {28},
issue = {11},
doi = {10.1007/s00198-017-4157-2}
}

@Article{StrokeRisk,
AUTHOR = {Tan, Kit Mun and Tan, Maw Pin},
TITLE = {Stroke and Falls—Clash of the Two Titans in Geriatrics},
JOURNAL = {Geriatrics},
VOLUME = {1},
YEAR = {2016},
NUMBER = {4},
ARTICLE-NUMBER = {31},
PubMedID = {31022824},
ISSN = {2308-3417},
DOI = {10.3390/geriatrics1040031}
}

@article{VisionRisk,
    author = {Buckley, John G. and Panesar, Gurvinder K. and MacLellan, Michael J. and Pacey, Ian E. and Barrett, Brendan T.},
    title = "{Changes to Control of Adaptive Gait in Individuals with Long-standing Reduced Stereoacuity}",
    journal = {Investigative Ophthalmology \& Visual Science},
    volume = {51},
    number = {5},
    pages = {2487-2495},
    year = {2010},
    month = {05},
    issn = {1552-5783},
    doi = {10.1167/iovs.09-3858}
}

@article{CognitiveRisk,
    author = {Markle-Reid, M.
and Fitzpatrick-Lewis, D.
and Ali, M. U.
and Gagne, H.
and Hunter, S.
and Ploeg, J.
and Sztramko, R.
and Harrison, L.
and Lewis, R.
and Jovkovic, M.
and Sherifali, D.},
    title = {Fall prevention in community-dwelling adults with mild to moderate cognitive impairment: a systematic review and meta-analysis},
    journal = {BMC Geriatrics},
    volume = {21},
    number = {1},
    pages = {2487-2495},
    year = {2021},
    doi = {0.1186/s12877-021-02641-9}
}

@article{SittoStand,
  author          = {Rikli, R and Jones, C},
  journal         = {J Aging Phys Activity},
  number          = {2},
  title           = {Functional fitness normative scores for community-residing older adults, ages 60-94.},
  volume          = {7},
  year            = {1999}
}

@online{SingleLeg,
  author = {Abilitiy lab SLS },
  title = {Single leg stance or “One-legged stance test”},
  year = 2013,
  url = {https://www.sralab.org/rehabilitation-measures/single-leg-stance-or-one-legged-stance-test}
}

@online{TUG,
author = {CDC govt.},
url ={https://www.cdc.gov/steadi/pdf/TUG_Test-print.pdf}
}
@INPROCEEDINGS{PosturalClasses,
  author={Andò, Bruno and Baglio, Salvatore and Finocchiaro, Valeria and Marletta, Vincenzo and Rajan, Sreeraman and Nehary, Ebrahim Ali and Dibilio, Valeria and Mostile, Giovanni and Zappia, Mario},
  booktitle={2023 IEEE International Instrumentation and Measurement Technology Conference (I2MTC)}, 
  title={Machine Learning Approach to Classify Postural Sway Instabilities}, 
  year={2023},
  pages={01-06},
  doi={10.1109/I2MTC53148.2023.10176004}
}

@INPROCEEDINGS{PlantPre,
  author={Hu, Guohua and Jin, Jianxiu and Song, Zhen and Wu, Shibin and Shu, Lin and Xie, Junan and Ou, Jianlin and Chen, Zhuoming and Xu, Xiangmin},
  booktitle={2022 IEEE International Conference on Bioinformatics and Biomedicine (BIBM)}, 
  title={A Dataset for Falling Risk Assessment of the Elderly using Wearable Plantar Pressure}, 
  year={2022},
  pages={2900-2904},
  doi={10.1109/BIBM55620.2022.9995052}}

@INPROCEEDINGS{CycloStationary,
  author={Brome, Reem and Nasreddine, Jad and Bonnardot, Frédéric and Badaoui, Mohamed El and Diab, Mohamad O.},
  booktitle={2022 IEEE-EMBS Conference on Biomedical Engineering and Sciences (IECBES)}, 
  title={Fall Risk Assessment Using Pressure Insole Sensors and Convolutional Neural Networks}, 
  year={2022},
  volume={},
  number={},
  pages={177-182},
  doi={10.1109/IECBES54088.2022.10079580}}

@ARTICLE{ParkinsonCupOWater,
  author={Hua, Rui and Nguyen, Nguyen and Jawad, Ahmad and Kazmierski, Krystal and White, Benjamin and Wang, Ya},
  journal={IEEE Sensors Letters}, 
  title={Insole-Based Falling Risk Evaluation for Patients With Parkinson's Disease Through Walking While Holding a Cup of Water}, 
  year={2022},
  volume={6},
  number={6},
  pages={1-4},
  doi={10.1109/LSENS.2022.3174007}}

@article{ForesseingACCTUG,
title = {Foreseeing future falls with accelerometer features in active community-dwelling older persons with no recent history of falls},
journal = {Experimental Gerontology},
volume = {143},
pages = {111139},
year = {2021},
issn = {0531-5565},
doi = {https://doi.org/10.1016/j.exger.2020.111139},
author = {Patricia Bet and Paula C. Castro and Moacir A. Ponti},
}

@book{BIOmechanics,
    author = {Nick Stergiou},
    title = {Biomechanics and Gait Analysis},
    publisher = {Academic Press},
    year = {2020} 
}


@ARTICLE{HeightNormalization,
  author={Wahid, Ferdous and Begg, Rezaul K. and Hass, Chris J. and Halgamuge, Saman and Ackland, David C.},
  journal={IEEE Journal of Biomedical and Health Informatics}, 
  title={Classification of Parkinson's Disease Gait Using Spatial-Temporal Gait Features}, 
  year={2015},
  volume={19},
  number={6},
  pages={1794-1802},
  doi={10.1109/JBHI.2015.2450232}}
